@Book{richter2002applied,
 author = {Richter, Jeffrey},
 title = {Applied Microsoft.NET framework programming},
 publisher = {Microsoft Press},
 year = {2002},
 address = {Redmond, Wash},
 isbn = {0735614229}
 }
 
 @MISC{ms_Repository,
author = {Microsoft},
title = {The Repository Pattern},
month = 12,
year = {2011},
url = {http://msdn.microsoft.com/en-us/library/ff649690.aspx}
}




@Book{troelsen2010pro,
 author = {Troelsen, Andrew},
 title = {Pro C# 2010 and the .NET 4 platform},
 publisher = {Apress},
 year = {2010},
 address = {New York, NY},
 isbn = {9781430225492}
 }
 
@Book{Larman,
 author = {Larman, Craig},
 title = {Applying UML and patterns},
 publisher = {Prentice Hall},
 year = {2005},
 address = {Upper Saddle River, NJ},
 isbn = {0131489062}
 }
 
 @ONLINE{razor,
 author = {Guthrie, Scott},
 title = { Introducing 'Razor' - a new view engine for ASP.NET },
 month = { juli},
 year = {2010},
 url = {http://weblogs.asp.net/scottgu/archive/2010/07/02/introducing-razor.aspx}
 
@ONLINE{Doe,
author = {Doe, Brian},
title = {This is a test entry of type {@OTHER}},
month = jun,
year = {2009},
url = {http://www.test.org/doe/}
}

@ONLINE{reilly,
author = {Adam Flaherty},
Title = {How to Use Three-Legged OAuth},
Month = {April},
year = {2009},
url = {http://answers.oreilly.com/topic/1381-how-to-use-three-legged-oauth/}
}
@ONLINE{circRef, 
author = {Microsoft},
Title = {Entity framework EntityCollection and DataContractJsonSerializer},
month = {Oktober},
year = {2008},
url =  {http://connect.microsoft.com/VisualStudio/feedback/details/354859/entity-framework-entitycollection-and-datacontractjsonserializer}
}


@Book{larman2004agile,
 author = {Larman, Craig},
 title = {Agile and iterative development : a manager's guide},
 publisher = {Addison-Wesley},
 year = {2004},
 address = {Boston},
 isbn = {0131111558}
 }
 
 @Book{carrano2006data,
 author = {Carrano, Frank},
 title = {Data abstraction and problem solving with Java : walls and mirrors},
 publisher = {Pearson/Addison Wesley},
 year = {2006},
 address = {Boston},
 isbn = {0321364112}
 }
 
 @Book{pilone2008head,
 author = {Pilone, Dan},
 title = {Head first software development},
 publisher = {O'Reilly},
 year = {2008},
 address = {Sebastopol, CA},
 isbn = {9780596527358}
 }
 
 @Book{Barnes,
 author = {Barnes, David and Kï¿½lling, Michael},
 title = {Objects first with Java : a practical introduction using BlueJ},
 publisher = {Pearson education International},
 year = {2009},
 address = {Harlow},
 isbn = {0137005628}
 }
 
 @Book{elmasri2007fundamentals,
 author = {Elmasri, Ramez},
 title = {Fundamentals of database systems},
 publisher = {Pearson Addison Wesley},
 year = {2007},
 address = {Boston},
 isbn = {032141506X}
 }
 
 @Book{bang2003zen,
 author = {Bang, Janne},
 title = {Zen & kunsten at skrive et projekt},
 publisher = {Aalborg Universitetsforlag},
 year = {2003},
 address = {Aalborg},
 isbn = {8773076929}
 }

@Book{freeman2011pro,
 author = {Freeman, Adam},
 title = {Pro Asp.Net Mvc 3 Framework},
 publisher = {APress},
 year = {2011},
 address = {Berkeley},
 isbn = {9781430234043}
 }

@Book{rattz2010pro,
 author = {Rattz, Joseph},
 title = {Pro Linq: Language Integrated Query in C\# 2010},
 publisher = {APress},
 year = {2010},
 address = {Berkeley},
 isbn = {9781430226536}
 }
 
 @Book{Ajax2007,
 author = {Ballard, Phil},
 title = {Ajax},
 publisher = {Libris},
 year = {2007},
 address = {Kbh},
 isbn = {8778437776}
 }

@ONLINE{UnitTestMVC,
author = {Microsoft},
title = {Unit Testing in ASP.NET MVC Applications {@ONLINE}},
url = {http://msdn.microsoft.com/en-us/library/gg416510(v=vs.98).aspx/}
}

@ONLINE{Moq,
title = {Moq},
author = {Moq}
url = {http://code.google.com/p/moq/}
}

@ONLINE{sqlinjection,
author = {Microsoft},
title = {Frequently Asked Questions (LINQ to SQL) {@ONLINE}},
url = {http://msdn.microsoft.com/en-us/library/bb386929.aspx}
}


